
                <marcx:record format="danMARC2" type="BibliographicVolume">
                  <marcx:leader>000000000000000000000000</marcx:leader>
                  <marcx:datafield ind1="0" ind2="0" tag="001">
                    <marcx:subfield code="a">00176443</marcx:subfield>
                    <marcx:subfield code="b">870970</marcx:subfield>
                    <marcx:subfield code="c">19890215</marcx:subfield>
                    <marcx:subfield code="d">19750528</marcx:subfield>
                    <marcx:subfield code="f">a</marcx:subfield>
                    <marcx:subfield code="o">c</marcx:subfield>
                    <marcx:subfield code="t">FAUST</marcx:subfield>
                  </marcx:datafield>
                  <marcx:datafield ind1="0" ind2="0" tag="004">
                    <marcx:subfield code="r">n</marcx:subfield>
                    <marcx:subfield code="a">b</marcx:subfield>
                  </marcx:datafield>
                  <marcx:datafield ind1="0" ind2="0" tag="008">
                    <marcx:subfield code="t">m</marcx:subfield>
                    <marcx:subfield code="u">u</marcx:subfield>
                    <marcx:subfield code="a">1974</marcx:subfield>
                    <marcx:subfield code="j">f</marcx:subfield>
                    <marcx:subfield code="l">dan</marcx:subfield>
                    <marcx:subfield code="v">1</marcx:subfield>
                  </marcx:datafield>
                  <marcx:datafield ind1="0" ind2="0" tag="014">
                    <marcx:subfield code="a">50126137</marcx:subfield>
                  </marcx:datafield>
                  <marcx:datafield ind1="0" ind2="0" tag="032">
                    <marcx:subfield code="a">DBR197075</marcx:subfield>
                    <marcx:subfield code="x">SFD197075</marcx:subfield>
                    <marcx:subfield code="a">DBR</marcx:subfield>
                    <marcx:subfield code="x">SFD</marcx:subfield>
                  </marcx:datafield>
                  <marcx:datafield ind1="0" ind2="0" tag="245">
                    <marcx:subfield code="g">Bind 2</marcx:subfield>
                  </marcx:datafield>
                  <marcx:datafield ind1="0" ind2="0" tag="300">
                    <marcx:subfield code="a">206 sider</marcx:subfield>
                  </marcx:datafield>
                </marcx:record>
              </marcx:collection>
              <os:identifier>870970-basis:00176443</os:identifier>
              <os:creationDate>2002-12-14</os:creationDate>
              <os:holdingsCount>88</os:holdingsCount>
              <os:lendingLibraries>88</os:lendingLibraries>
            </os:object>
        </os:collection>
      </ns1:originalData>
      <ns1:outputFormat>PLACEHOLDER</ns1:outputFormat>
      <ns1:trackingId>bog_kroniskeuskyld_bd2mp.xml.PLACEHOLDER</ns1:trackingId>
    </ns1:formatRequest>
  </SOAP-ENV:Body>
</SOAP-ENV:Envelope>
